<record><leader>00000cas a22000007a 4500</leader><controlfield tag="001">12407366</controlfield><controlfield tag="008">850821d18711887gauwr ne      0    0eng d</controlfield><datafield ind1=" " ind2=" " tag="010"><subfield code="a">sn 85034097 </subfield></datafield><datafield ind1=" " ind2=" " tag="040"><subfield code="a">NPU</subfield><subfield code="b">eng</subfield><subfield code="c">NPU</subfield><subfield code="d">NPX</subfield><subfield code="d">NLG</subfield><subfield code="d">OCLCQ</subfield></datafield><datafield ind1=" " ind2=" " tag="042"><subfield code="a">msc</subfield></datafield><datafield ind1="0" ind2=" " tag="130"><subfield code="a">Weekly bulletin (Rome, Ga. : 1871)</subfield></datafield><datafield ind1="1" ind2="4" tag="245"><subfield code="a">The weekly bulletin.</subfield></datafield><datafield ind1="1" ind2="3" tag="246"><subfield code="a">Rome weekly bulletin</subfield></datafield><datafield ind1=" " ind2=" " tag="260"><subfield code="a">Rome, Ga. :</subfield><subfield code="b">A.B.S. Moseley &amp; Co.</subfield></datafield><datafield ind1=" " ind2=" " tag="300"><subfield code="a">v. ;</subfield><subfield code="c">61 cm.</subfield></datafield><datafield ind1=" " ind2=" " tag="310"><subfield code="a">Weekly</subfield></datafield><datafield ind1="1" ind2=" " tag="362"><subfield code="a">Began in 1871? Ceased in 1887?</subfield></datafield><datafield ind1=" " ind2=" " tag="500"><subfield code="a">Recorded as: Rome weekly bulletin. Cf. Gregory, W. Amer. newspapers.</subfield></datafield><datafield ind1=" " ind2=" " tag="580"><subfield code="a">Continues: Rome weekly. Cf. Gregory, W. Amer. newspapers.</subfield></datafield><datafield ind1=" " ind2=" " tag="588"><subfield code="a">Description based on: Vol. 4, no. 3 (Jan. 16, 1873).</subfield></datafield><datafield ind1=" " ind2=" " tag="752"><subfield code="a">United States</subfield><subfield code="b">Georgia</subfield><subfield code="c">Floyd</subfield><subfield code="d">Rome.</subfield></datafield><datafield ind1="0" ind2=" " tag="775"><subfield code="t">Rome daily bulletin</subfield><subfield code="w">(DLC)sn 89053505</subfield></datafield><datafield ind1="1" ind2="0" tag="780"><subfield code="t">Rome weekly</subfield></datafield><datafield ind1="1" ind2=" " tag="029"><subfield code="a">AU@</subfield><subfield code="b">000025838248</subfield></datafield></record>